
@book{Burden:2011a,
	Author = {Burden, Richard L. and Faires, J. Douglas},
	Date-Added = {2017-08-19 15:45:14 +0000},
	Date-Modified = {2017-08-19 15:46:51 +0000},
	Publisher = {Boston, MA: Brooks/Cole},
	Title = {Numerical Analysis 9th edition},
	Year = {2011}
}
